% 1
@article{mazzarello1999unifying,
  title={A unifying concept: the history of cell theory},
  author={Mazzarello, Paolo},
  journal={Nature cell biology},
  volume={1},
  number={1},
  pages={E13--E15},
  year={1999},
  publisher={Nature Publishing Group}
}

% 2
@article{vellai1999origin,
  title={The origin of eukaryotes: the difference between prokaryotic and eukaryotic cells},
  author={Vellai, Tibor and Vida, Gabor},
  journal={Proceedings of the Royal Society of London. Series B: Biological Sciences},
  volume={266},
  number={1428},
  pages={1571--1577},
  year={1999},
  publisher={The Royal Society}
}

% 3
@article{keeling2008organelle,
  title={Organelle evolution: what's in a name?},
  author={Keeling, Patrick J and Archibald, John M},
  journal={Current Biology},
  volume={18},
  number={8},
  pages={R345--R347},
  year={2008},
  publisher={Elsevier}
}

% 4
@article{rapoport2007protein,
  title={Protein translocation across the eukaryotic endoplasmic reticulum and bacterial plasma membranes},
  author={Rapoport, Tom A},
  journal={Nature},
  volume={450},
  number={7170},
  pages={663--669},
  year={2007},
  publisher={Nature Publishing Group}
}

% 5
@article{cook1983mucus,
  title={The mucus producing glands and the distribution of the cilia of the pulmonate slug Limax pseudoflavus},
  author={Cook, Anthony and Shirbhate, Rajshree},
  journal={Journal of Zoology},
  volume={201},
  number={1},
  pages={97--116},
  year={1983},
  publisher={Wiley Online Library}
}

% 6
@article{ossareh2001protein,
  title={Protein export from the nucleus},
  author={Ossareh-Nazari, Batool and Gwizdek, Carole and Dargemont, Catherine},
  journal={Traffic},
  volume={2},
  number={10},
  pages={684--689},
  year={2001},
  publisher={Wiley Online Library}
}

% 7
@article{lammerding2011mechanics,
  title={Mechanics of the nucleus},
  author={Lammerding, Jan},
  journal={Comprehensive physiology},
  volume={1},
  number={2},
  pages={783--807},
  year={2011},
  publisher={Wiley Online Library}
}

% 8
@article{hoffmann2011integrin,
  title={Integrin-mediated uptake of fibronectin-binding bacteria},
  author={Hoffmann, Christine and Ohlsen, Knut and Hauck, Christof R},
  journal={European journal of cell biology},
  volume={90},
  number={11},
  pages={891--896},
  year={2011},
  publisher={Elsevier}
}

% 9
@article{lammerding2004lamin,
  title={Lamin A/C deficiency causes defective nuclear mechanics and mechanotransduction},
  author={Lammerding, Jan and Schulze, P Christian and Takahashi, Tomosaburo and Kozlov, Serguei and Sullivan, Teresa and Kamm, Roger D and Stewart, Colin L and Lee, Richard T and others},
  journal={The Journal of clinical investigation},
  volume={113},
  number={3},
  pages={370--378},
  year={2004},
  publisher={Am Soc Clin Investig}
}

% 10
@book{jacobs2012introduction,
  title={Introduction to cell mechanics and mechanobiology},
  author={Jacobs, Christopher R and Huang, Hayden and Kwon, Ronald Y},
  year={2012},
  publisher={Garland Science}
}

% 11
@article{gonzalez2019advances,
  title={Advances in micropipette aspiration: applications in cell biomechanics, models, and extended studies},
  author={Gonz{\'a}lez-Berm{\'u}dez, Blanca and Guinea, Gustavo V and Plaza, Gustavo R},
  journal={Biophysical journal},
  volume={116},
  number={4},
  pages={587--594},
  year={2019},
  publisher={Elsevier}
}

% 12
@article{janel2019stiffness,
  title={Stiffness tomography of eukaryotic intracellular compartments by atomic force microscopy},
  author={Janel, S{\'e}bastien and Popoff, Michka and Barois, Nicolas and Werkmeister, Elisabeth and Divoux, S{\'e}verine and Perez, Franck and Lafont, Frank},
  journal={Nanoscale},
  volume={11},
  number={21},
  pages={10320--10328},
  year={2019},
  publisher={Royal Society of Chemistry}
}

% 13
@article{murphy2011automated,
  title={Automated hydrophobic interaction chromatography column selection for use in protein purification},
  author={Murphy, Patrick JM and Stone, Orrin J and Anderson, Michelle E},
  journal={JoVE (Journal of Visualized Experiments)},
  number={55},
  pages={e3060},
  year={2011}
}

% 14
@article{lammerding2007nuclear,
  title={Nuclear mechanics and methods},
  author={Lammerding, Jan and Dahl, Kris Noel and Discher, Dennis E and Kamm, Roger D},
  journal={Methods in cell biology},
  volume={83},
  pages={269--294},
  year={2007},
  publisher={Elsevier}
}

% 15
@article{de2007direct,
  title={Direct observation of nanomechanical properties of chromatin in living cells},
  author={de Vries, Anthony HB and Krenn, Bea E and van Driel, Roel and Subramaniam, Vinod and Kanger, Johannes S},
  journal={Nano letters},
  volume={7},
  number={5},
  pages={1424--1427},
  year={2007},
  publisher={ACS Publications}
}

% 16
@article{gennisson2013ultrasound,
  title={Ultrasound elastography: principles and techniques},
  author={Gennisson, J-L and Deffieux, Thomas and Fink, Mathias and Tanter, Micha{\"e}l},
  journal={Diagnostic and interventional imaging},
  volume={94},
  number={5},
  pages={487--495},
  year={2013},
  publisher={Elsevier}
}

% 17
@book{achenbach2012wave,
  title={Wave propagation in elastic solids},
  author={Achenbach, Jan},
  year={2012},
  publisher={Elsevier}
}

% 18
@article{novotny1997theory,
  title={Theory of nanometric optical tweezers},
  author={Novotny, Lukas and Bian, Randy X and Xie, X Sunney},
  journal={Physical Review Letters},
  volume={79},
  number={4},
  pages={645},
  year={1997},
  publisher={APS}
}

% 19
@inproceedings{farre2014force,
  title={A force measurement instrument for optical tweezers based on the detection of light momentum changes},
  author={Farr{\'e}, Arnau and Mars{\`a}, Ferran and Montes-Usategui, Mario},
  booktitle={Optical Trapping and Optical Micromanipulation XI},
  volume={9164},
  pages={916412},
  year={2014},
  organization={International Society for Optics and Photonics}
}

% 20
@article{ombid2020vitro,
  title={In-vitro study of monocytic THP-1 leukemia cell membrane elasticity with a single-cell microfluidic-assisted optical trapping system},
  author={Ombid, Ric John L and Oyong, Glenn G and Cabrera, Esperanza C and Espulgar, Wilfred V and Saito, Masato and Tamiya, Eiichi and Pobre, Romeric F},
  journal={Biomedical Optics Express},
  volume={11},
  number={10},
  pages={6027--6037},
  year={2020},
  publisher={Optical Society of America}
}

% 21
@article{kim2018introduction,
  title={Introduction to Kalman filter and its applications},
  author={Kim, Youngjoo and Bang, Hyochoong},
  journal={Introduction and Implementations of the Kalman Filter},
  volume={1},
  pages={1--16},
  year={2018},
  publisher={IntechOpen}
}

% 22 
@article{pearson1974kalman,
  title={Kalman filter applications in airborne radar tracking},
  author={Pearson, John B and Stear, Edwin B},
  journal={IEEE Transactions on Aerospace and Electronic systems},
  number={3},
  pages={319--329},
  year={1974},
  publisher={IEEE}
}

% 23
@article{ribeiro2004kalman,
  title={Kalman and extended kalman filters: Concept, derivation and properties},
  author={Ribeiro, Maria Isabel},
  journal={Institute for Systems and Robotics},
  volume={43},
  pages={46},
  year={2004},
  publisher={Citeseer}
}

% 24
@article{d'alembert_1749,
    title={Recherches sur la courbe que forme une corde tendue mise en vibration},
    author={d'Alembert, Jean le Rond},
    journal={Histoire de l'académie royale des sciences et des belles lettres},
    volume={3},
    year={1749}
}

% 25
@book{petter2017finite,
  title={Finite difference computing with PDEs: a modern software approach},
  author={Petter Langtangen, Hans and Linge, Svein},
  year={2017},
  publisher={Springer Nature}
}

% 26
@article{holzinger2001jasplakinolide,
  title={Jasplakinolide},
  author={Holzinger, Andreas},
  journal={Cytoskeleton Methods and Protocols},
  pages={109--120},
  year={2001},
  publisher={Springer}
}

% 27
@article{andersen2002directed,
  title={Directed proteomic analysis of the human nucleolus},
  author={Andersen, Jens S and Lyon, Carol E and Fox, Archa H and Leung, Anthony KL and Lam, Yun Wah and Steen, Hanno and Mann, Matthias and Lamond, Angus I},
  journal={Current biology},
  volume={12},
  number={1},
  pages={1--11},
  year={2002},
  publisher={Elsevier}
}

% 28
@article{schneider1977characterization,
  title={Characterization of EBV-genome negative “null” and “T” cell lines derived from children with acute lymphoblastic leukemia and leukemic transformed non-Hodgkin lymphoma},
  author={Schneider, Ulrich and Schwenk, Hans-Ulrich and Bornkamm, Georg},
  journal={International journal of cancer},
  volume={19},
  number={5},
  pages={621--626},
  year={1977},
  publisher={Wiley Online Library}
}

% 29
@article{gioia2018genome,
  title={A genome-wide survey of mutations in the Jurkat cell line},
  author={Gioia, Louis and Siddique, Azeem and Head, Steven R and Salomon, Daniel R and Su, Andrew I},
  journal={BMC genomics},
  volume={19},
  number={1},
  pages={1--13},
  year={2018},
  publisher={Springer}
}

% 30
@article{gey1952tissue,
  title={Tissue culture studies of the proliferative capacity of cervical carcinoma and normal epithelium},
  author={Gey, GOea},
  journal={Cancer Res.},
  volume={12},
  pages={264--265},
  year={1952}
}

% 31
@article{rabiner1973approximate,
  title={Approximate design relationships for low-pass FIR digital filters},
  author={Rabiner, L},
  journal={IEEE Transactions on Audio and Electroacoustics},
  volume={21},
  number={5},
  pages={456--460},
  year={1973},
  publisher={IEEE}
}

% 32
@article{patterson1994measurement,
  title={Measurement of absolute water density, 1 C to 40 C},
  author={Patterson, JB and Morris, EC},
  journal={Metrologia},
  volume={31},
  number={4},
  pages={277},
  year={1994},
  publisher={IOP Publishing}
}

% 33
@book{mathews2000metodos,
  title={M{\'e}todos Num{\'e}ricos},
  author={Mathews, John H and Fink, Kurtis D},
  year={2000},
  publisher={Madrid: Prentice Hall}
}

% 34
@article{venter2001sequence,
  title={The sequence of the human genome},
  author={Venter, J Craig and Adams, Mark D and Myers, Eugene W and Li, Peter W and Mural, Richard J and Sutton, Granger G and Smith, Hamilton O and Yandell, Mark and Evans, Cheryl A and Holt, Robert A and others},
  journal={science},
  volume={291},
  number={5507},
  pages={1304--1351},
  year={2001},
  publisher={American Association for the Advancement of Science}
}

% 35
@misc{rasband1997imagej,
  title={ImageJ},
  author={Rasband, Wayne S and others},
  year={1997},
  publisher={Bethesda, MD}
}

% 36
@article{SUGITATE2009e291,
title = {Mechanical role of the nucleus in a cell in terms of elastic modulus},
journal = {Current Applied Physics},
volume = {9},
number = {4, Supplement },
pages = {e291-e293},
year = {2009},
note = {NanoBio-Seoul 2008},
issn = {1567-1739},
doi = {https://doi.org/10.1016/j.cap.2009.06.020},
url = {https://www.sciencedirect.com/science/article/pii/S1567173909003149},
author = {Toshihiro Sugitate and Takanori Kihara and Xue-Ying Liu and Jun Miyake},
}

% 37
@article{zeng2010young,
  title={Young’s modulus of elasticity of Schlemm’s canal endothelial cells},
  author={Zeng, Dehong and Juzkiw, Taras and Read, A Thomas and Chan, Darren W-H and Glucksberg, Matthew R and Ethier, C Ross and Johnson, Mark},
  journal={Biomechanics and modeling in mechanobiology},
  volume={9},
  number={1},
  pages={19--33},
  year={2010},
  publisher={Springer}
}

% 38
@incollection{lekka2019measuring,
  title={Measuring elastic properties of single cancer cells by AFM},
  author={Lekka, Ma{\l}gorzata and Pabijan, Joanna},
  booktitle={Atomic Force Microscopy},
  pages={315--324},
  year={2019},
  publisher={Springer}
}

% 39
@article{jacob2015digital,
  title={Digital Filter Design using MATLAB},
  author={Jacob, Tony},
  year={2015}
}

% 40
@inproceedings{mondal2012novel,
  title={Novel particle swarm optimization for high pass FIR filter design},
  author={Mondal, Sangeeta and Chakraborty, Dishari and Kar, Rajib and Mandal, Durbadal and Ghoshal, Sakti Prasad},
  booktitle={2012 IEEE Symposium on Humanities, Science and Engineering Research},
  pages={413--418},
  year={2012},
  organization={IEEE}
}

% 41
@misc{de2001transformada,
  title={La transformada discreta de Fourier y la transformada r{\'a}pida de Fourier},
  author={De la Fraga, Luis},
  year={2001},
  publisher={Recuperado de}
}

% 42
@article{shabaninezhad2021matlab,
  title={MATLAB package for discrete dipole approximation by graphics processing unit: Fast Fourier Transform and Biconjugate Gradient},
  author={Shabaninezhad, M and Awan, MG and Ramakrishna, G},
  journal={Journal of Quantitative Spectroscopy and Radiative Transfer},
  volume={262},
  pages={107501},
  year={2021},
  publisher={Elsevier}
}

% 43
@article{liu2017mitosis,
  title={Mitosis detection in phase contrast microscopy image sequences of stem cell populations: A critical review},
  author={Liu, An-An and Lu, Yao and Chen, Mei and Su, Yu-Ting},
  journal={IEEE Transactions on Big Data},
  volume={3},
  number={4},
  pages={443--457},
  year={2017},
  publisher={IEEE}
}

% 44
@article{cross2007nanomechanical,
  title={Nanomechanical analysis of cells from cancer patients},
  author={Cross, Sarah E and Jin, Yu-Sheng and Rao, Jianyu and Gimzewski, James K},
  journal={Nature nanotechnology},
  volume={2},
  number={12},
  pages={780--783},
  year={2007},
  publisher={Nature Publishing Group}
}

% 45
@book{alberts2006fundamentos,
  title={Fundamentos da Biologia Celular-4},
  author={Alberts, Bruce and Bray, Dennis and Hopkin, Karen and Johnson, Alexander and Lewis, Julian and Raff, Martin and Roberts, Keith and Walter, Peter},
  year={2006},
  publisher={Artmed Editora}
}

% 46
@article{ashkin1992forces,
  title={Forces of a single-beam gradient laser trap on a dielectric sphere in the ray optics regime},
  author={Ashkin, Arthur},
  journal={Biophysical journal},
  volume={61},
  number={2},
  pages={569--582},
  year={1992},
  publisher={Elsevier}
}

% 47
@article{ashkin20182018,
  title={The 2018 Nobel Prize in physics: a gripping and extremely exciting tale of light},
  author={Ashkin, Arthur and Mourou, G{\'e}rard and Strickland, Donna},
  journal={Curr. Sci},
  volume={115},
  number={10},
  pages={18441848},
  year={2018}
}

% 48
@article{FourierTransform,
	url = {https://octave-online.net/bucket~CQ8X9mXpy9NaZdF4rSsLQX},
	year = {2021},
	author = {Mathias Magdowski},
	title = {Example on how to do a discrete Fourier transform (FFT) and to plot the amplitude and phase spectrum in MATLAB},
}

% 49
@inproceedings{frigo1998fftw,
	title={FFTW: An adaptive software architecture for the FFT},
	author={Frigo, Matteo and Johnson, Steven G},
	booktitle={Proceedings of the 1998 IEEE International Conference on Acoustics, Speech and Signal Processing, ICASSP'98 (Cat. No. 98CH36181)},
	volume={3},
	pages={1381--1384},
	year={1998},
	organization={IEEE}
} 

% 50
@article{el2008measuring,
	title={Measuring the mechanical properties of apoptotic cells using particle tracking microrheology},
	author={El Kaffas, Ahmed},
	journal={Physics MSc Thesis, Ryerson University, ON, Canada},
	year={2008}
}

% 51
@misc{robertson2018optical,
	title={Optical tweezers microrheology: from the basics to advanced techniques and applications},
	author={Robertson-Anderson, Rae M},
	year={2018},
	publisher={ACS Publications}
}

% 52
@book{mezger2020rheology,
	title={The rheology handbook: for users of rotational and oscillatory rheometers},
	author={Mezger, Thomas},
	year={2020},
	publisher={European Coatings}
}